2068 2973
90 695 112 713 10

86 953 109 971 15

86 1210 110 1229 20

85 1728 109 1745 30

85 2248 96 2264 4
99 2248 110 2264 Ο

735 122 896 148 INDICTIO
916 121 990 147 XIII.
1020 122 1087 147 IUL.
1109 122 1151 154 (V,
1171 123 1243 153 2332).
1749 125 1809 154 355

164 212 269 242 rirem.
316 210 377 246 Qui
401 211 462 241 1100
487 219 613 250 quoque
639 208 714 238 mihi
740 209 771 238 in
797 219 894 239 onere
921 219 998 239 suae
1024 208 1188 249 petitionis
1211 208 1415 241 addiderunt.
1440 213 1475 239 ut
1499 220 1562 239 nou
1589 210 1692 239 solum
1710 209 1810 240 verba

164 263 318 293 historiae
343 273 401 303 per
425 261 652 301 allegoriarum
679 271 793 291 sensus
816 263 1015 297 excuterem,
1043 260 1100 291 sed
1118 261 1345 301 allegoriarum
1364 271 1477 291 sensus
1495 261 1640 302 protinus
1666 262 1697 291 iu
1715 271 1809 291 exer-

165 315 275 344 citium
298 313 487 343 moralitatis
512 311 712 348 inclinarem,
737 311 842 342 adhuc
867 311 988 352 aliquid
1013 313 1142 352 gravius
1167 312 1393 353 adiungentes,
1417 316 1452 343 ut
1478 313 1643 343 intellecta
1661 323 1809 353 quaeque

164 365 356 396 testimoniis
379 365 543 405 cingerem
568 367 600 393 et
619 364 744 404 prolata
765 363 960 402 testimonia,
986 363 1011 393 si
1030 363 1186 404 implicita
1202 364 1338 393 fortasse
1357 364 1544 394 viderentur
1562 364 1806 405 1010111031110110

167 416 396 458 superadditae
422 415 632 456 expositionis
657 415 830 446 enodarem
842 415 862 444 1.

266 476 308 508 ΙΙ.
344 476 423 506 Mox
452 486 529 506 vero
561 478 596 505 ut
626 475 657 505 in
688 475 823 505 obscuro
854 475 915 506 hoc
949 485 1045 517 opere
1075 478 1172 516 atque
1197 479 1272 506 ante
1296 487 1354 506 nos
1379 476 1537 507 hactenus
1562 476 1743 507 indiscusso
1769 475 1808 506 ad

162 532 253 560 tanta
279 539 329 559 me
359 527 501 569 pertrahi
533 537 568 557 ac
597 527 675 556 talia
699 527 850 567 cognovi,
885 527 954 557 solo
979 527 1110 558 auditus
1135 527 1278 568 pondere
1304 528 1424 565 victus,
1455 528 1570 562 fateor,
1603 529 1809 569 lassatusque

164 579 329 611 succubui.
384 578 449 609 Sed
479 581 614 619 repente
643 578 727 608 inter
755 578 960 609 formidinem
988 579 1257 620 devotionemque
1288 579 1527 620 deprehensus,
1559 590 1630 610 cum
1655 580 1686 609 in
1710 580 1807 620 largi-

164 635 266 662 torem
296 641 465 661 munerum
495 631 604 660 oculos
634 630 750 660 mentis
779 631 963 661 attollerem
992 631 1197 661 cunctatione
1221 631 1423 672 postposita-²
1447 631 1519 661 ilico
1546 634 1651 661 certus
1676 631 1809 662 attendi,

165 683 239 724 quia
264 682 464 724 impossibile
490 693 562 713 esse
587 692 650 712 non
675 685 811 723 poterat,
837 682 922 723 quod
946 682 985 712 de
1010 683 1161 713 fraternis
1186 682 1263 713 mihi
1288 682 1456 713 cordibus¹¹
1480 683 1598 713 caritas
1616 683 1809 724 imperabat.

162 734 244 765 Fore
272 735 391 775 quippe
421 734 571 764 idoneum
602 745 653 764 me
683 733 722 764 ad
747 734 808 764 ista
833 734 1019 775 desperavi,
1054 734 1111 765 sed
1141 734 1210 775 ipsa
1234 735 1296 765 mei
1322 734 1552 775 desperatione
1581 734 1744 764 robustior
1770 733 1809 763 ad

162 786 252 816 illum
278 795 366 827 spem
392 786 537 826 protinus
563 786 663 819 erexi,
688 796 745 826 per
769 796 864 826 quem
889 790 1002 827 aperta
1028 790 1077 816 est
1096 787 1207 826 lingua
1225 789 1397 823 mutorum,
1423 786 1476 826 qui
1493 786 1620 826 linguas
1640 785 1808 815 infantium

162 838 240 868 facit
264 837 418 876 disertas,
444 838 496 878 qui
521 838 714 868 immensosc
738 837 914 877 brutosque
939 838 1048 868 asinae
1075 837 1220 868 ruditusd
1244 848 1301 879 per
1326 842 1473 868 sensatos
1498 837 1630 868 humani
1660 837 1809 877 colloquii

163 889 310 920 distinxit
334 889 443 919 modos
453 889 474 920 2.
523 889 607 924 Quid
631 889 728 929 igitur
752 888 883 925 mirum,
909 889 935 919 si
959 889 1159 919 intellectum
1185 890 1284 920 stulto
1309 889 1430 919 homini
1455 889 1622 930 praebeat,
1647 889 1700 930 qui
1724 889 1810 919 veri-

163 943 263 972 tatem
295 951 401 977 suam,
433 951 505 971 cum
535 940 689 976 voluerit,
722 940 818 970 etiam
848 951 906 981 per
936 951 991 971 ora
1021 941 1236 971 iumentoran
1268 941 1416 971 narrat-3¹!
1463 940 1569 971 Huius
1595 951 1671 981 ergo
1697 940 1810 970 robore

162 991 428 1023 considerationis
453 993 629 1030 0001001113,
655 991 838 1022 ariditatem
863 1002 967 1022 meam
992 991 1032 1022 ad
1057 991 1275 1033 indagandum
1300 993 1423 1022 fontem
1448 995 1557 1022 tantae
1580 991 1810 1033 profunditatis

162 1044 314 1075 excitavi.
358 1043 401 1074 Et
424 1044 570 1085 quamvis
595 1054 720 1080 eorum,
751 1043 866 1084 quibus
893 1054 1058 1085 exponere
1084 1044 1316 1084 compellebar,
1347 1044 1441 1083 longe
1473 1054 1522 1074 me
1552 1044 1617 1073 vita
1641 1047 1808 1073 transcen—

163 1095 268 1135 deret,
301 1095 490 1126 iuiuriosum
519 1098 627 1126 tamen
660 1105 731 1125 essc
762 1105 824 1125 non
855 1095 990 1134 credidi,
1025 1095 1050 1125 si
1081 1095 1204 1126 fluenta
1227 1096 1339 1126 usibus
1364 1095 1529 1125 homiuum
1555 1095 1678 1136 plumbi
1703 1095 1811 1124 fistula

162 1148 368 1178 ministraret.
419 1146 513 1177 Unde
543 1157 619 1177 mox
644 1146 767 1177 eisdem
792 1157 897 1176 eoram
922 1147 1036 1187 positis
1061 1146 1213 1178 fratribus
1238 1147 1347 1188 priora
1370 1147 1440 1177 libri
1466 1147 1524 1177 sub
1550 1147 1651 1177 oculis
1676 1146 1743 1176 dixi
1768 1149 1809 1179 et,

164 1199 239 1240 quia
263 1202 389 1240 tempus
414 1199 508 1239 paulo
533 1198 701 1229 vacantius
727 1198 865 1239 repperi,
890 1199 1068 1239 posteriora
1094 1198 1261 1229 tractando
1286 1199 1414 1237 dictavi,
1439 1208 1575 1239 cumque
1602 1198 1679 1228 011111
1704 1199 1808 1239 spatia

162 1250 302 1291 largiora
327 1253 553 1291 suppeterent,
578 1251 679 1280 multa
703 1260 826 1291 augens
851 1260 956 1291 pauca
981 1251 1176 1281 subtrahens
1200 1254 1297 1292 atque
1323 1251 1382 1285 ita,
1407 1253 1442 1281 ut
1466 1251 1598 1281 inventa
1620 1252 1703 1283 sunt,
1728 1260 1806 1279 non-

161 1302 250 1333 nulla
274 1301 502 1343 derelinquens
528 1312 576 1334 ea.
601 1312 683 1342 quac
708 1312 759 1331 mc
784 1301 936 1342 loquente
963 1305 1102 1343 excepta
1126 1302 1184 1332 sub
1210 1303 1309 1332 oculis
1334 1302 1473 1338 fuerant,
1498 1312 1556 1343 per
1580 1301 1678 1331 libros
1696 1311 1806 1331 emen-

161 1353 265 1383 dando
290 1354 473 1394 composui,
505 1353 580 1394 quia
613 1356 644 1383 et
670 1364 741 1383 cum
770 1356 935 1394 postrema
963 1353 1132 1391 (1101010111,
1164 1365 1225 1394 quo
1250 1355 1322 1384 stilo
1347 1355 1450 1395 prima
1474 1354 1636 1388 dixeram,
1671 1353 1808 1383 sollicite

162 1405 295 1435 attendi.
342 1404 403 1446 Egi
429 1415 515 1445 ergo,
541 1408 575 1435 ut
599 1408 631 1435 et
656 1410 712 1435 cae
732 1415 814 1445 quae
832 1405 958 1435 loeutus
978 1416 1047 1435 sum
1066 1406 1213 1436 studiosa
1231 1406 1456 1436 emendatione
1475 1409 1698 1436 transcurrens
1717 1405 1808 1445 quasi

162 1456 201 1486 ad
231 1456 473 1487 similitudinem
504 1456 642 1487 dictatus
671 1457 829 1497 erigerem
861 1460 893 1487 ct
923 1467 961 1487 ca
990 1467 1071 1497 quae
1101 1457 1299 1488 dictaveram
1328 1468 1391 1488 non
1421 1458 1516 1498 longe
1546 1468 1564 1487 a
1595 1457 1808 1497 colloquentis

161 1518 309 1539 sermone
331 1507 568 1549 discreparent,
594 1512 767 1549 quatenus,
793 1508 867 1538 dum
894 1508 952 1539 hoc
977 1509 1133 1543 tenditur,
1159 1508 1235 1539 illud
1260 1509 1442 1545 attrahitur,
1468 1509 1551 1539 edita
1562 1508 1572 1526 f
1594 1508 1687 1539 modo
1712 1508 1807 1538 dissi-

161 1560 227 1590 mili
252 1570 301 1590 res
326 1570 388 1590 nou
414 1559 576 1589 dissimilis
602 1560 807 1593 formaretur-2
831 1561 978 1600 quamvis
1000 1560 1124 1590 tertiam
1145 1561 1238 1590 liuius
1257 1562 1364 1602 operis
1382 1564 1517 1602 partem,
1542 1564 1577 1590 ut
1595 1559 1808 1600 colloquendo

161 1612 289 1653 protuli,
319 1621 423 1653 paene
455 1612 500 1641 ita
530 1611 700 1651 dereliqui,
733 1612 817 1652 quia,
849 1622 919 1641 cum
945 1622 995 1642 me
1020 1612 1134 1643 fratres
1159 1613 1198 1642 ad
1223 1613 1286 1643 alia
1310 1612 1518 1653 pertralumt,
1550 1612 1632 1642 lianc
1658 1611 1808 1652 suptilius

161 1663 327 1693 emendari
358 1663 539 1693 noluerunt.
595 1662 721 1697 Quibus
753 1663 901 1693 nimirum
934 1664 1035 1694 multa
1065 1664 1251 1694 iubentibus
1282 1664 1358 1694 dum
1390 1674 1503 1705 parere
1534 1663 1627 1693 modo
1661 1674 1717 1704 per
1748 1673 1806 1692 ex-

162 1714 331 1756 positionis
355 1714 583 1747 1111013101111111,
614 1713 709 1744 modo
734 1725 791 1755 per
815 1715 1109 1756 comtemplationis
1135 1726 1317 1752 ascensum,
1342 1715 1436 1746 modo
1462 1725 1519 1756 per
1543 1715 1734 1745 moralitatis
1760 1715 1806 1744 iu-

163 1769 377 1796 strumentum
401 1765 502 1801 volui,
529 1776 608 1806 opus
633 1765 692 1796 hoc
717 1776 775 1806 per
800 1767 932 1807 triginta
956 1770 988 1797 01
1013 1768 1153 1808 quinque
1172 1768 1334 1798 volumina
1359 1771 1531 1798 extensum
1556 1767 1586 1797 iu
1612 1776 1669 1797 sex
1691 1766 1808 1796 codici-

162 1817 221 1848 bus
251 1818 412 1859 explevi4.
462 1816 557 1847 Unde
588 1821 619 1848 et
649 1818 679 1848 in
709 1829 747 1848 00
777 1829 875 1859 saepe
907 1819 998 1859 quasi
1028 1822 1225 1860 postponere
1255 1819 1399 1850 ordinem
1426 1819 1638 1860 expositionis
1663 1818 1809 1848 iuvenior

162 1872 194 1899 et
218 1869 314 1910 paulo
339 1868 458 1899 diutius
484 1869 969 1910 0001001111011011131011110110ἰὲ
993 1871 1402 1901 11011101-011101131113111105.
1449 1870 1515 1900 Sed
1539 1874 1646 1900 tamen
1664 1869 1808 1910 quisquis

162 1920 202 1951 de
227 1921 297 1951 Deo
322 1921 472 1961 loquitur,
497 1924 587 1951 curet
612 1932 745 1951 necesse
770 1926 832 1957 est,
858 1926 892 1952 111
916 1922 1066 1963 quicquid
1091 1923 1289 1953 audientium
1314 1932 1418 1952 mores
1443 1922 1572 1952 iustruit
1596 1922 1743 1955 rimetur,
1777 1923 1809 1949 et

162 1972 246 2003 hunc
271 1976 393 2003 rectum
418 1972 568 2013 loquendi
594 1972 738 2003 ordinem
764 1973 910 2015 deputet,
945 1975 987 2008 si,
1019 1985 1090 2004 01101
1116 1975 1338 2016 opportunitas
1363 1974 1595 2004 aedificationis
1621 1973 1736 2013 exigit,
1769 1972 1808 2002 ab

163 2034 200 2055 eo
225 2023 290 2062 seh,
315 2024 398 2065 quod
422 2024 508 2065 loqui
533 2028 693 2065 coeperat,
718 2025 840 2055 utiliter
864 2025 999 2056 derivet.
1047 2026 1135 2056 Sacri
1155 2027 1239 2056 cuim
1257 2029 1411 2056 tractator
1429 2025 1547 2066 eloquii
1566 2035 1686 2055 morem
1705 2024 1809 2054 flumi-

162 2076 210 2105 nis
235 2075 332 2106 debet
356 2075 483 2106 imitari.
530 2074 663 2106 Fluvius
689 2077 809 2118 quippe
834 2077 909 2107 dum
934 2088 991 2118 per
1014 2078 1143 2108 alveum
1160 2077 1282 2111 defluit,
1308 2077 1333 2107 si
1350 2077 1452 2107 valles
1471 2087 1629 2107 concavas
1648 2076 1807 2106 exlatere

165 2127 336 2167 contingit,
369 2127 401 2156 in
430 2137 486 2157 eas
515 2128 660 2168 protinus
692 2129 739 2158 sui
769 2129 908 2170 impetus
938 2140 1067 2159 cursum
1091 2129 1233 2167 divertit,
1267 2139 1404 2169 cumque
1431 2129 1500 2158 illas
1526 2128 1725 2158 sufficienter
1750 2128 1808 2157 im-

165 2179 312 2220 pleverit,
337 2183 469 2219 repente
494 2189 566 2209 sese
592 2179 622 2209 in
647 2180 774 2210 alveum
800 2181 952 2211 refundit.
999 2181 1051 2211 Sic
1069 2182 1228 2216 nimirum,
1256 2181 1300 2211 sie
1325 2181 1422 2211 divini
1449 2181 1537 2210 verbi
1562 2190 1634 2210 esse
1655 2182 1810 2209 tractator

163 2230 274 2267 debet,
299 2233 347 2269 111,
372 2240 443 2260 cum
468 2230 508 2260 de
532 2231 677 2270 qualibet
700 2242 734 2261 re
760 2231 899 2270 disserit,
925 2233 950 2263 si
975 2233 1115 2263 fortasse
1141 2233 1231 2263 iuxta
1255 2233 1394 2273 positam
1419 2233 1620 2262 occasionem
1647 2241 1809 2271 congruae

265 2352 288 2381 st)
308 2351 371 2375 illud
390 2351 451 2376 aad.
468 2351 587 2382 campa,
607 2354 674 2376 1503.
765 2352 788 2377 bl
808 2354 959 2385 procedebat
979 2354 1017 2378 vel
1038 2354 1076 2377 etl.
1093 2355 1162 2377 1503.
1252 2354 1273 2382 Ρ)
1296 2354 1487 2384 insensatusspie
1504 2356 1521 2376 1.
1539 2352 1630 2382 Ιίνιινῐχχ.
1719 2349 1742 2378 a)
1763 2351 1808 2374 rin·-

162 2398 203 2419 tus
230 2395 343 2421 I'imlnb..
364 2395 450 2423 Corh.;
468 2396 568 2426 rugitus
588 2396 614 2418 iu.
633 2396 713 2419 allero
732 2396 785 2420 end.
807 2396 883 2428 Ite-qiu
902 2402 923 2420 el
942 2397 980 2422 ed.
1003 2399 1069 2421 1303·
1175 2396 1197 2427 (⁵)
1218 2405 1246 2420 ea
1268 2401 1295 2420 ut
1313 2402 1371 2426 (om.
1394 2396 1471 2419 verbis
1490 2396 1529 2426 egi
1551 2404 1626 2425 nsque>
1646 2394 1688 2417 ea)
1709 2394 1810 2417 I'mdnb.

161 2436 181 2468 ἶ)
200 2442 222 2461 et
244 2439 278 2461 ita
296 2438 334 2462 ecl.
352 2446 392 2468 str.
489 2442 513 2463 h‘l
534 2438 660 2462 altitudini
679 2442 702 2463 2.
722 2439 792 2464 lam.
812 2440 930 2464 Flaviae.
949 2442 970 2465 2,
995 2440 1087 2471 Ιίνιιιίχχ.
1108 2440 1168 2470 ΠΨ.
1188 2439 1265 2464 ,llic-lt.
1288 2441 1313 2463 N.
1337 2440 1433 2463 Alam,
1452 2439 1495 2462 ‚ved
1514 2438 1640 2461 latitudini
1661 2438 1685 2460 lu
1704 2437 1808 2468 polim-[-

162 2481 206 2504 ltus
225 2481 297 2504 wahl.
403 2480 428 2511 11)
448 2489 474 2504 se
493 2490 539 2504 (tm.
564 2481 666 2506 I'lmInh,

267 2549 292 2579 17)
312 2548 358 2573 Ea·
376 2548 416 2573 his
436 2548 514 2573 riv-bis
528 2552 631 2580 praeter
650 2553 771 2575 [tractores
791 2550 855 2575 silue
872 2550 897 2576 S,
914 2551 1034 2583 Grecorii
1053 2551 1129 2576 eliam
1143 2550 1223 2579 Reda,
1242 2550 1265 2575 71.
1279 2558 1298 2575 c.
1313 2550 1353 2579 ΙΙ,
1368 2554 1387 2581 1,
1407 2549 1502 2574 hausit.
1600 2552 1626 2575 2)
1646 2550 1708 2580 Sap,
1726 2553 1761 2579 w,
1774 2551 1810 2573 21.

161 2602 188 2632 3)
207 2599 288 2625 Num.
308 2603 346 2631 22,
361 2602 400 2625 2⁸.
517 2602 543 2633 4)
565 2600 605 2632 (γ’.
626 2601 692 2633 Βίι-ί,
713 2602 761 2626 (Ius
780 2603 869 2628 antilcc
888 2603 1053 2630 Imma-esau
1070 2612 1098 2636 p.
1114 2607 1162 2628 117.
1280 2608 1305 2629 ιἰ)
1325 2602 1399 2629 Lan,
1421 2603 1435 2627 l.
1456 2602 1470 2627 Ι,
1488 2605 1584 2634 113112,
1604 2601 1633 2625 ‘lt‘
1653 2601 1811 2633 1⁷⁴¹·111tsilirtnt'

162 2652 192 2676 ‘inv
216 2652 237 2677 b.
263 2652 334 2677 Iliob
356 2652 453 2677 scribit:
482 2652 607 2686 dag-egen
636 2655 721 2680 findet
746 2655 803 2681 sicli
829 2656 889 2681 ciue
915 2656 956 2681 oft
982 2656 1111 2681 masslose
1135 2655 1316 2687 :iucem-iavit]
1342 2654 1496 2686 Erklflamng
1523 2653 1602 2678 noha
1628 2653 1810 2678 llii‘u'atliscllvll

162 2703 401 2736 Betrachtungcu,
429 2704 473 2729 die
500 2705 540 2729 ost
568 2705 639 2730 oliuo
667 2706 825 2733 bestiuuntoz·
851 2709 1163 2741 Anknfipfungqmnkts·
1192 2708 1238 2732 der
1263 2707 1420 2737 lethum-ung·-
1450 2706 1496 2730 des
1520 2706 1619 2730 'l'extes
1646 2706 1811 2737 aimelu'ingt

164 2755 280 2781 werden.

1553 2805 1606 2830 4:32ss
